% article
@article{sakurai1990,
    author  = {桜井, 久勝},
    journal = {経営学・会計学・商学研究年報 / 神戸大学大学院経営学研究科編},
    title   = {会計利益の時系列特性と利益予測},
    year    = {1990},
    volume  = {},
    number  = {36},
    pages   = {45-98},
}
@article{zhang2004neural,
  title={Neural network earnings per share forecasting models: A comparative analysis of alternative methods},
  author={Zhang, Wei and Cao, Qing and Schniederjans, Marc J},
  journal={Decision Sciences},
  volume={35},
  number={2},
  pages={205--237},
  year={2004},
  publisher={Wiley Online Library}
}
@book{box2015time,
  title={Time series analysis: forecasting and control},
  author={Box, George EP and Jenkins, Gwilym M and Reinsel, Gregory C and Ljung, Greta M},
  year={2015},
  adress = {Hoboken, NJ}
  publisher={John Wiley \& Sons}
}
@article{lev1993fundamental,
  title={Fundamental information analysis},
  author={Lev, Baruch and Thiagarajan, S Ramu},
  journal={Journal of Accounting research},
  volume={31},
  number={2},
  pages={190--215},
  year={1993},
  publisher={JSTOR}
}
@article{abarbanell1997fundamental,
  title={Fundamental analysis, future earnings, and stock prices},
  author={Abarbanell, Jeffrey S and Bushee, Brian J},
  journal={Journal of accounting research},
  volume={35},
  number={1},
  pages={1--24},
  year={1997},
  publisher={JSTOR}
}
@book{hopwood1986univariate,
  title={Univariate time-series analysis of quarterly earnings: Some unresolved issues},
  author={Hopwood, William S and McKeown, James C},
  year={1986},
  address = {Sarasota, FL}
  publisher={American Accounting Association}
}
@techreport{cao2020fundamental,
  title={Fundamental Analysis Via Machine Learning},
  author={Cao, Kai and You, Haifeng},
  year={2020},
  institution={Working Paper}
}
@article{cao2009forecasting,
  title={Forecasting EPS of Chinese Listed Companies Using Neural Network with Genetic Algorithm},
  author={Cao, Qing and Gan, Qiwei},
  journal={15th Americas Conference on Information Systems 2009, AMCIS 2009},
  volume={5},
  pages={2971--2981},
  year={2009}
}
@article{etemadi2015earnings,
  title={Earnings per share forecast using extracted rules from trained neural network by genetic algorithm},
  author={Etemadi, Hossein and Ahmadpour, Ahmad and Moshashaei, Seyed Mohammad},
  journal={Computational Economics},
  volume={46},
  number={1},
  pages={55--63},
  year={2015},
  publisher={Springer}
}
@article{ota2006,
    author  = {太田, 浩司},
    journal = {武蔵大学論集},
    title   = {経営者予想に関する日米の研究：文献サーベイ},
    year    = {2006},
    volume  = {54},
    number  = {1},
    pages   = {53-94},
}
@article{bates1969combination,
  title={The combination of forecasts},
  author={Bates, John M and Granger, Clive WJ},
  journal={Journal of the Operational Research Society},
  volume={20},
  number={4},
  pages={451--468},
  year={1969},
  publisher={Taylor \& Francis}
}
@article{brown1979univariate,
  title={Univariate time-series models of quarterly accounting earnings per share: A proposed model},
  author={Brown, Lawrence D and Rozeff, Michael S},
  journal={Journal of Accounting Research},
  volume={17},
  number={1},
  pages={179--189},
  year={1979},
  publisher={JSTOR}
}
@article{foster1977quarterly,
  title={Quarterly accounting data: Time-series properties and predictive-ability results},
  author={Foster, George},
  journal={Accounting Review},
  volume={52},
  number={1},
  pages={1--21},
  year={1977},
  publisher={JSTOR}
}
@article{griffin1977time,
  title={The time-series behavior of quarterly earnings: preliminary evidence},
  author={Griffin, Paul A},
  journal={Journal of Accounting Research},
  pages={71--83},
  year={1977},
  publisher={JSTOR}
}

@article{tkavc2016artificial,
  title={Artificial neural networks in business: Two decades of research},
  author={Tk{\'a}{\v{c}}, Michal and Verner, Robert},
  journal={Applied Soft Computing},
  volume={38},
  pages={788--804},
  year={2016},
  publisher={Elsevier}
}
@article{hill1996neural,
  title={Neural network models for time series forecasts},
  author={Hill, Tim and O'Connor, Marcus and Remus, William},
  journal={Management science},
  volume={42},
  number={7},
  pages={1082--1092},
  year={1996},
  publisher={INFORMS}
}
@article{hornik1989multilayer,
  title={Multilayer feedforward networks are universal approximators},
  author={Hornik, Kurt and Stinchcombe, Maxwell and White, Halbert},
  journal={Neural networks},
  volume={2},
  number={5},
  pages={359--366},
  year={1989},
  publisher={Elsevier}
}
@article{hill1994artificial,
  title={Artificial neural network models for forecasting and decision making},
  author={Hill, Tim and Marquez, Leorey and O'Connor, Marcus and Remus, William},
  journal={International journal of forecasting},
  volume={10},
  number={1},
  pages={5--15},
  year={1994},
  publisher={Elsevier}
}
@article{callen1996neural,
  title={Neural network forecasting of quarterly accounting earnings},
  author={Callen, Jeffrey L and Kwan, Clarence CY and Yip, Patrick CY and Yuan, Yufei},
  journal={International Journal of Forecasting},
  volume={12},
  number={4},
  pages={475--482},
  year={1996},
  publisher={Elsevier}
}
@article{ahmed2010empirical,
  title={An empirical comparison of machine learning models for time series forecasting},
  author={Ahmed, Nesreen K and Atiya, Amir F and Gayar, Neamat El and El-Shishiny, Hisham},
  journal={Econometric Reviews},
  volume={29},
  number={5-6},
  pages={594--621},
  year={2010},
  publisher={Taylor \& Francis}
}
@book{hastie2009esl,
  title={The Elements of Statistical Learning: Data Mining, Inference, and Prediction Second Edition},
  author={Hastie, Trevor and Tibshirani, Robert and Friedman, Jerome},
  year={2009},
  address = {New York, NY}
  publisher={Springer}
}
@article{breiman2001random,
  title={Random forests},
  author={Breiman, Leo},
  journal={Machine learning},
  volume={45},
  number={1},
  pages={5--32},
  year={2001},
  publisher={Springer}
}
@article{lorek1996multivariate,
  title={A multivariate time-series prediction model for cash-flow data},
  author={Lorek, Kenneth S and Willinger, G Lee},
  journal={Accounting Review},
  volume={71}
  number={1}
  pages={81--102},
  year={1996},
  publisher={JSTOR}
}
@article{qi1999nonlinear,
  title={Nonlinear predictability of stock returns using financial and economic variables},
  author={Qi, Min},
  journal={Journal of Business \& Economic Statistics},
  volume={17},
  number={4},
  pages={419--429},
  year={1999},
  publisher={Taylor \& Francis}
}